
@article{Horan2024,
  title = {A Multilevel Spatial Model to Investigate Voting Behaviour in the 2019 {UK} {G}eneral {E}lection},
  volume = {17},
  url = {http://dx.doi.org/10.1007/s12061-023-09563-6},
  number = {2},
  journal = {Applied Spatial Analysis and Policy},
  publisher = {Springer Science and Business Media LLC},
  author = {Horan,  Kevin and Brunsdon,  Chris and Domijan,  Katarina},
  year = {2024},
  month = jan,
  pages = {703–727}
}

@article{Muller2015,
  title = {A new approach to measure tactical voting: evidence from the {B}ritish elections},
  volume = {47},
  url = {http://dx.doi.org/10.1080/00036846.2015.1019037},
  number = {36},
  journal = {Applied Economics},
  publisher = {Informa UK Limited},
  author = {Muller,  Daniel and Page,  Lionel},
  year = {2015},
  month = mar,
  pages = {3839–3858}
}

@article{Jennings2024,
  title = {Fragmented and Dealigned: The 2024 {B}ritish {G}eneral {E}lection and the Rise of Place‐Based Politics},
  url = {http://dx.doi.org/10.1111/1467-923X.13483},
  journal = {The Political Quarterly},
  publisher = {Wiley},
  author = {Jennings,  Will and Furlong,  Jamie and Stoker,  Gerry and Mckay,  Lawrence},
  year = {2024},
  month = dec 
}

@article{beecham2018,
	title = {Locally-varying explanations behind the {U}nited {K}ingdom's vote to leave the {E}uropean {U}nion},
	author = {Beecham, Roger and Slingsby, Aidan and Brunsdon, Chris},
	year = {2018},
	date = {2018},
	journal = {Journal of Spatial Information Science},
	pages = {117--136},
	volume = {16},
	url = {http://dx.doi.org/10.5311/JOSIS.2018.16.377}
}

@book{jeffreys1939,
	title = {Theory of Probability},
	author = {Jeffreys, H.},
	year = {1939},
	publisher = {Oxford University Press}
}

@book{Lee2014,
  title = {Bayesian Cognitive Modeling: A Practical Course},
  url = {http://dx.doi.org/10.1017/CBO9781139087759},
  publisher = {Cambridge University Press},
  author = {Lee,  Michael D. and Wagenmakers,  Eric-Jan},
  year = {2014},
  month = apr 
}

@article{pattie2000,
	title = {{\textquoteleft}{P}eople Who Talk Together Vote Together{\textquoteright}: An Exploration of Contextual Effects in {G}reat {B}ritain},
	author = {Pattie, Charles and Johnston, Ron},
	year = {2000},
	month = {03},
	date = {2000-03},
	journal = {Annals of the Association of American Geographers},
	pages = {41--66},
	volume = {90},
	number = {1},
	url = {https://doi.org/10.1111/0004-5608.00183},
	langid = {en}
}

@article{tobler1970,
	title = {A Computer Movie Simulating Urban Growth in the Detroit Region},
	author = {Tobler, W. R.},
	year = {1970},
	month = {06},
	date = {1970-06-01},
	journal = {Economic Geography},
	pages = {234--240},
	volume = {46},
	number = {sup1},
	url = {https://doi.org/10.2307/143141},
	note = {Publisher: Routledge}
}

@article{Pattie2024,
  title = {Playing the System: Electoral Bias in the 2024 {UK} {G}eneral {E}lection},
  url = {http://dx.doi.org/10.1111/1467-923X.13471},
  journal = {The Political Quarterly},
  publisher = {Wiley},
  author = {Pattie,  Charles and Cutts,  David},
  year = {2024},
  month = oct 
}

@article{pattie1995region,
  title = {{\textquoteleft}{I}t's not like that round here{\textquoteright}: Region, economic evaluations and voting at the 1992 {B}ritish {G}eneral {E}lection},
  volume = {28},
  url = {http://dx.doi.org/10.1111/j.1475-6765.1995.tb00485.x},
  number = {1},
  journal = {European Journal of Political Research},
  publisher = {Wiley},
  author = {Pattie,  Charles and Johnston,  Ron},
  year = {1995},
  month = jul,
  pages = {1–32}
}

@article{Pattie2013,
  title = {Are Regions Important in {B}ritish Elections? {V}alence Politics and Local Economic Contexts at the 2010 {G}eneral {E}lection},
  volume = {49},
  url = {http://dx.doi.org/10.1080/00343404.2013.847271},
  number = {9},
  journal = {Regional Studies},
  publisher = {Informa UK Limited},
  author = {Pattie,  Charles and Johnston,  Ron and Schipper,  Mariken and Potts,  Laura},
  year = {2013},
  month = nov,
  pages = {1561–1574}
}

@article{Prosser2024,
  title = {Fragmentation revisited: the {UK} {G}eneral {E}lection of 2024},
  url = {http://dx.doi.org/10.1080/01402382.2024.2430915},
  journal = {West European Politics},
  publisher = {Informa UK Limited},
  author = {Prosser,  Christopher},
  volume = {48},
  number = {6},
  year = {2024},
  month = dec,
  pages = {1501–1513}
}

@article{Cain1978tact,
  title = {Strategic Voting in {B}ritain},
  volume = {22},
  url = {http://dx.doi.org/10.2307/2110465},
  number = {3},
  journal = {American Journal of Political Science},
  publisher = {JSTOR},
  author = {Cain,  Bruce E.},
  year = {1978},
  month = aug,
  pages = {639}
}

@article{Johnston1992tact,
  title = {Using an entropy-maximizing procedure to estimate territorial social indicators: An introduction and illustration},
  volume = {27},
  url = {http://dx.doi.org/10.1007/BF00300463},
  number = {3},
  journal = {Social Indicators Research},
  publisher = {Springer Science and Business Media LLC},
  author = {Johnston,  Ron and Pattie,  Charles},
  year = {1992},
  month = nov,
  pages = {235–256}
}

@book{Butler1974,
  title = {Political Change in Britain},
  url = {http://dx.doi.org/10.1007/978-1-349-02048-5},
  publisher = {Palgrave Macmillan UK},
  author = {Butler,  David and Stokes,  Donald},
  year = {1974}
}

@article{griffiths2024brexit,
  title={The {B}rexit realignment amid electoral volatility: The role of party blocs in the 2024 {G}eneral {E}lection},
  author={Griffiths, James and Perrett, Stuart and Fieldhouse, Edward A and Prosser, Christopher and Green, Jane and Mellon, Jonathan and Bailey, Jack and Evans, Geoffrey},
  url = {https://dx.doi.org/10.2139/ssrn.5048763},
  year={2024}
}

@misc{elections_data,
  author       = {{House of Commons Library}},
  title        = {Parliament Elections Data - Data Tools and Resources},
  year         = {2024},
  url          = {https://commonslibrary.parliament.uk/data-tools-and-resources/parliament-elections-data/},
  note         = {Accessed: 2025-01-28}
}

@misc{boundary_changes,
  author       = {{House of Commons Library}},
  title        = {Boundary changes: current constituencies and new constituencies in the {UK}},
  year         = {2023},
  url          = {https://commonslibrary.parliament.uk/boundary-review-2023-which-seats-will-change/},
  note         = {Accessed: 2025-01-28}
}

@online{census2021,
  author       = {{Office for National Statistics}},
  title        = {Census 2021 Data - {N}omis},
  year         = {2021},
  url          = {https://www.nomisweb.co.uk/sources/census_2021},
  note         = {Accessed: 2025-01-28}
}

@book{Miller1977,
  title = {Electoral Dynamics in Britain since 1918},
  url = {http://dx.doi.org/10.1007/978-1-349-15851-5},
  publisher = {Palgrave Macmillan UK},
  author = {Miller,  William L.},
  year = {1977}
}

@article{goldstein1997,
	title = {Methods in School Effectiveness Research},
	author = {Goldstein, Harvey},
	year = {1997},
	month = {12},
	date = {1997-12},
	journal = {School Effectiveness and School Improvement},
	pages = {369--395},
	volume = {8},
	number = {4},
	url = {https://doi.org/10.1080/0924345970080401},
	langid = {en}
}

@article{jones1991,
	title = {Specifying and Estimating Multi-Level Models for Geographical Research},
	author = {Jones, Kelvyn},
	year = {1991},
	date = {1991},
	journal = {Transactions of the Institute of British Geographers},
	pages = {148--159},
	volume = {16},
	number = {2},
	url = {https://doi.org/10.2307/622610}
}

@article{dong2015,
	title = {Spatial Autoregressive Models for Geographically Hierarchical Data Structures},
	author = {Dong, Guanpeng and Harris, Richard},
	year = {2015},
	date = {2015},
	journal = {Geographical Analysis},
	pages = {173--191},
	volume = {47},
	number = {2},
	url = {http://dx.doi.org/10.1111/gean.12049},
	langid = {en}
}

@misc{sfislands2024,
  title = {sfislands: Streamlines the Process of Fitting Areal Spatial Models},
  url = {http://dx.doi.org/10.32614/CRAN.package.sfislands},
  journal = {CRAN: Contributed Packages},
  publisher = {The R Foundation},
  author = {Horan,  Kevin and Domijan,  Katarina and Brunsdon,  Chris},
  year = {2024},
  month = mar 
}

@misc{Gronau2017,
  title = {bridgesampling: Bridge Sampling for Marginal Likelihoods and Bayes Factors},
  url = {http://dx.doi.org/10.32614/CRAN.package.bridgesampling},
  journal = {CRAN: Contributed Packages},
  publisher = {The R Foundation},
  author = {Gronau,  Quentin F. and Singmann,  Henrik},
  year = {2017},
  month = mar 
}

@article{meng1996simulating,
  title={Simulating ratios of normalizing constants via a simple identity: a theoretical exploration},
  author={Meng, Xiao-Li and Wong, Wing Hung},
  journal={Statistica Sinica},
  pages={831--860},
  year={1996},
  publisher={JSTOR}
}

@Misc{rstan2024,
    title = {{RStan}: the {R} interface to {Stan}},
    author = {{Stan Development Team}},
    note = {R package version 2.32.6},
    year = {2024},
    url = {https://mc-stan.org/},
  }

@article{Vehtari2021,
  title = {Rank-Normalization,  Folding,  and Localization: An Improved {R}-hat for Assessing Convergence of {MCMC} (with Discussion)},
  volume = {16},
  url = {http://dx.doi.org/10.1214/20-BA1221},
  number = {2},
  journal = {Bayesian Analysis},
  publisher = {Institute of Mathematical Statistics},
  author = {Vehtari,  Aki and Gelman,  Andrew and Simpson,  Daniel and Carpenter,  Bob and B{\"u}rkner,  Paul-Christian},
  year = {2021},
  month = jun 
}

@Article{brms2017,
    title = {{brms}: An {R} Package for {Bayesian} Multilevel Models
      Using {Stan}},
    author = {B{\"u}rkner, Paul-Christian},
    journal = {Journal of Statistical Software},
    year = {2017},
    volume = {80},
    number = {1},
    pages = {1--28},
    url = {http://dx.doi.org/10.18637/jss.v080.i01}
  }
  
@article{besag1991,
  title = {Bayesian image restoration,  with two applications in spatial statistics},
  volume = {43},
  url = {http://dx.doi.org/10.1007/BF00116466},
  number = {1},
  journal = {Annals of the Institute of Statistical Mathematics},
  author = {Besag,  Julian and York,  Jeremy and Molli{\'e},  Annie},
  year = {1991},
  month = mar,
  pages = {1–20}
}

@article{Brewer2007,
  title = {Variable smoothing in {B}ayesian intrinsic autoregressions},
  volume = {18},
  url = {http://dx.doi.org/10.1002/env.844},
  number = {8},
  journal = {Environmetrics},
  publisher = {Wiley},
  author = {Brewer,  Mark J. and Nolan,  Andrew J.},
  year = {2007},
  month = mar,
  pages = {841–857}
}

@article{Jack2019,
  title = {Estimating the Changing Nature of {S}cotland’s Health Inequalities by using a Multivariate Spatiotemporal Model},
  volume = {182},
  url = {http://dx.doi.org/10.1111/rssa.12447},
  number = {3},
  journal = {Journal of the Royal Statistical Society Series A: Statistics in Society},
  publisher = {Oxford University Press (OUP)},
  author = {Jack,  Eilidh and Lee,  Duncan and Dean,  Nema},
  year = {2019},
  month = apr,
  pages = {1061–1080}
}

@article{DuncanLee2014,
  title = {A {B}ayesian localized conditional autoregressive model for estimating the health effects of air pollution},
  volume = {70},
  url = {http://dx.doi.org/10.1111/biom.12156},
  number = {2},
  journal = {Biometrics},
  publisher = {Oxford University Press (OUP)},
  author = {Lee,  Duncan and Rushworth,  Alastair and Sahu,  Sujit K.},
  year = {2014},
  month = feb,
  pages = {419–429}
}

@article{Riebler2016,
  title = {An intuitive Bayesian spatial model for disease mapping that accounts for scaling},
  volume = {25},
  url = {http://dx.doi.org/10.1177/0962280216660421},
  number = {4},
  journal = {Statistical Methods in Medical Research},
  publisher = {SAGE Publications},
  author = {Riebler,  Andrea and S{\o}rbye,  Sigrunn H and Simpson,  Daniel and Rue,  H{\aa}vard},
  year = {2016},
  month = aug,
  pages = {1145–1165}
}

@article{Richardson2004,
  title = {Interpreting Posterior Relative Risk Estimates in Disease-Mapping Studies},
  volume = {112},
  url = {http://dx.doi.org/10.1289/ehp.6740},
  number = {9},
  journal = {Environmental Health Perspectives},
  publisher = {Environmental Health Perspectives},
  author = {Richardson,  Sylvia and Thomson,  Andrew and Best,  Nicky and Elliott,  Paul},
  year = {2004},
  month = jun,
  pages = {1016–1025}
}

@article{Morris2019,
  title = {Bayesian hierarchical spatial models: Implementing the {B}esag {Y}ork {M}olli{\'e} model in stan},
  volume = {31},
  url = {http://dx.doi.org/10.1016/j.sste.2019.100301},
  journal = {Spatial and Spatio-temporal Epidemiology},
  publisher = {Elsevier BV},
  author = {Morris,  Mitzi and Wheeler-Martin,  Katherine and Simpson,  Dan and Mooney,  Stephen J. and Gelman,  Andrew and DiMaggio,  Charles},
  year = {2019},
  month = nov,
  pages = {100301}
}

@article{besag1974,
	title = {Spatial Interaction and the Statistical Analysis of Lattice Systems},
	author = {Besag, Julian},
	year = {1974},
	date = {1974},
	journal = {Journal of the Royal Statistical Society: Series B (Methodological)},
	pages = {192–225},
	volume = {36},
	number = {2},
	url = {http://dx.doi.org/10.1111/j.2517-6161.1974.tb00999.x}
}